@inproceedings{kayali2011retro,
  title={Retro Evolved: Level Design Practice exemplified by the Contemporary Retro Game},
  author={Kayali, Fares and Schuh, Josef},
  booktitle={Proceedings of DiGRA 2011 Conference: Think Design Play},
  year={2011}
}
@inproceedings{nair2016solving,
  title={Solving circular dependencies in industrial automation programs},
  author={Nair, Sreeja and Jetley, Raoul},
  booktitle={Industrial Informatics (INDIN), 2016 IEEE 14th International Conference on},
  pages={397--404},
  year={2016},
  organization={IEEE}
}
@article{briand1999unified,
  title={A unified framework for coupling measurement in object-oriented systems},
  author={Briand, Lionel C. and Daly, John W. and Wust, Jurgen K},
  journal={IEEE Transactions on software Engineering},
  volume={25},
  number={1},
  pages={91--121},
  year={1999},
  publisher={IEEE}
}