@online{GDCVault,
  title={Managing complexity in the Halo 2 AI system},
  author={Isla, Damian},
  booktitle={Proceedings of the Game Developers Conference},
  volume={63},
  year={2005}
}

@online{youtube,
  title={Introduction to AI - Part 1: Behavior Tree Basics},
  author={Einhorn, Asher},
  url={https://www.youtube.com/watch?v=2K6nX4A5n8w},
  note={Accessed: 25/02/2017}
}

@online{UE4,
  title={Unreal Engine - Behavior Tree Quick Start Guide},
  url={https:/docs.unrealengine.com/latest/INT/Engine/AI/BehaviourTrees/QuickStart/},
  note={Accessed: 25/02/2017}
}

@article{nicolau2016evolutionary,
  title={Evolutionary behavior tree approaches for navigating platform games},
  author={Nicolau, Miguel and Perez-Liebana, Diego and O'Neill, Michael and Brabazon, Anthony},
  journal={IEEE Transactions on Computational Intelligence and AI in Games},
  year={2016},
  publisher={IEEE}
}

@article{nareyek2004ai,
  title={AI in computer games},
  author={Nareyek, Alexander},
  journal={Queue},
  volume={1},
  number={10},
  pages={58},
  year={2004},
  publisher={ACM}
}

@inproceedings{dey2013ql,
  title={Ql-bt: Enhancing behaviour tree design and implementation with q-learning},
  author={Dey, Rahul and Child, Chris},
  booktitle={Computational Intelligence in Games (CIG), 2013 IEEE Conference on},
  pages={1--8},
  year={2013},
  organization={IEEE}
}

@book{buckland2005programming,
  title={Programming game AI by example},
  author={Buckland, Mat},
  year={2005},
  publisher={Jones and Bartlett Learning}
}

@online{gamasutra,
   author={Simpson, Chris},
   title={Behaviour trees for AI: How they work},
   year={2014},
   url={http://www.gamasutra.com/blogs/ChrisSimpson/20140717/221339/Behavior_trees_for_AI_How_they_work.php},
   note={Accessed: 12/03/2017}
}

@inproceedings{marzinotto2014towards,
  title={Towards a unified behavior trees framework for robot control},
  author={Marzinotto, Alejandro and Colledanchise, Michele and Smith, Christian and {\"O}gren, Petter},
  booktitle={Robotics and Automation (ICRA), 2014 IEEE International Conference on},
  pages={5420--5427},
  year={2014},
  organization={IEEE}
}

@inproceedings{dromey2003requirements,
  title={From requirements to design: Formalizing the key steps},
  author={Dromey, R Geoff},
  booktitle={Software Engineering and Formal Methods, 2003. Proceedings. First International Conference on},
  pages={2--11},
  year={2003},
  organization={IEEE}
}

@article{colledanchise2015learning,
  title={Learning of behavior trees for autonomous agents},
  author={Colledanchise, Michele and Parasuraman, Ramviyas and gren, Petter},
  journal={arXiv preprint arXiv:1504.05811},
  year={2015}
}

@online{SCIRRA,
   title={What is the difference between FSM and Behavior Trees?},
   url={https://www.scirra.com/forum/what-is-the-difference-between-fsm-and-behavior-trees_t124518},
   note={Accessed: 27/03/2017}
}

@online{hmc,
   title={Behavior Trees and Reactive Planning},
   author={Peter Mawhorter},
   url={https://www.cs.hmc.edu/~pmawhorter/research/slides/behavior_trees-Mawhorter-2010.pdf},
   note={Accessed: 28/03/2017}
}

@online{Gama,
   title={Are Behavior Trees a Thing of the Past?},
   author={Jakob Rasmussen},
   url={http://www.gamasutra.com/blogs/JakobRasmussen/20160427/271188/Are_Behavior_Trees_a_Thing_of_the_Past.php},
   note={Accessed: 28/03/2017}
}

@inproceedings{othman2014implementing,
  title={Implementing game artificial intelligence to decision making of agents in emergency egress},
  author={Othman, MNM and Haron, H},
  booktitle={Software Engineering Conference (MySEC), 2014 8th Malaysian},
  pages={316--320},
  year={2014},
  organization={IEEE}
}