@article{binsubaih2007survey,
  title={A survey of ‘game’portability},
  author={BinSubaih, Ahmed and Maddock, Steve and Romano, Daniela},
  journal={University of Sheffield, Tech. Rep. CS-07-05},
  year={2007},
  publisher={Citeseer}
}

@article{tanenbaum1978guidelines,
  title={Guidelines for software portability},
  author={Tanenbaum, Andrew S and Klint, Paul and Bohm, Wim},
  journal={Software: Practice and Experience},
  volume={8},
  number={6},
  pages={681--698},
  year={1978},
  publisher={Wiley Online Library}
}

@article{son2014design,
  title={Design and Implementation of the Smart Virtual Machine on iOS Platform for the Mobile Game Portability},
  author={Son, Yunsik and Kim, JaeHyun and Lee, YangSun},
  journal={International Journal of Smart Home},
  volume={8},
  number={23},
  year={2014}
}

@article{buttari2007limitations,
  title={Limitations of the PlayStation 3 for high performance cluster computing},
  author={Buttari, Alfredo and Dongarra, Jack and Kurzak, Jakub},
  year={2007}
}

@book{ofek2008sony,
  title={Sony PlayStation 3: Game over?},
  author={Ofek, Elie and Wickersham, Peter},
  year={2008},
  publisher={Harvard Business School}
}

@article{babb2013comparing,
  title={Comparing video game sales by gaming platform},
  author={Babb, Jeffry and Terry, Neil},
  journal={Southwestern Economic Review},
  volume={40},
  number={1},
  pages={25--46},
  year={2013}
}

@inproceedings{alves2005comparative,
  title={Comparative analysis of porting strategies in J2ME games},
  author={Alves, Vander and Cardim, Ivan and Vital, Heitor and Sampaio, Pedro and Damasceno, Alexandre and Borba, Paulo and Ramalho, Geber},
  booktitle={Software Maintenance, 2005. ICSM'05. Proceedings of the 21st IEEE International Conference on},
  pages={123--132},
  year={2005},
  organization={IEEE}
}

@inproceedings{binsubaih2007g,
  title={G-factor portability in game development using game engines},
  author={BinSubaih, Ahmed and Maddock, Steve},
  booktitle={Proceedings of the 3rd International Conference on Games Research and Development},
  pages={163--170},
  year={2007}
}

@inproceedings{binsubaih2005game,
  title={Game logic portability},
  author={BinSubaih, Ahmed and Maddock, Steve and Romano, Daniela},
  booktitle={Proceedings of the 2005 ACM SIGCHI International Conference on Advances in computer entertainment technology},
  pages={458--461},
  year={2005},
  organization={ACM}
}

@inproceedings{binsubaih2006using,
  title={Using ATAM to evaluate a game-based architecture},
  author={BinSubaih, Ahmed and Maddock, SC},
  booktitle={Workshop on Architecture-Centric Evolution (ACE 2006), Hosted at the 20th European Conference on Object-Oriented Programming ECOOP},
  pages={3--7},
  year={2006}
}