
@inproceedings{korhonen2006playability,
  title={Playability heuristics for mobile games},
  author={Korhonen, Hannu and Koivisto, Elina MI},
  booktitle={Proceedings of the 8th conference on Human-computer interaction with mobile devices and services},
  pages={9--16},
  year={2006},
  organization={ACM}
}

@inproceedings{holzer2009trends,
  title={Trends in mobile application development},
  author={Holzer, Adrian and Ondrus, Jan},
  booktitle={International Conference on Mobile Wireless Middleware, Operating Systems, and Applications},
  pages={55--64},
  year={2009},
  organization={Springer}
}

@article{gilbertson2008using,
  title={Using “tilt” as an interface to control “no-button” 3-D mobile games},
  author={Gilbertson, Paul and Coulton, Paul and Chehimi, Fadi and Vajk, Tamas},
  journal={Computers in Entertainment (CIE)},
  volume={6},
  number={3},
  pages={38},
  year={2008},
  publisher={ACM}
}

@inproceedings{pathania2014integrated,
  title={Integrated CPU-GPU power management for 3D mobile games},
  author={Pathania, Anuj and Jiao, Qing and Prakash, Alok and Mitra, Tulika},
  booktitle={Proceedings of the 51st Annual Design Automation Conference},
  pages={1--6},
  year={2014},
  organization={ACM}
}

@misc{gamasutra2014,
  author = {Alex Wawro},
  title = {What exactly goes into porting a video game? BlitWorks explains},
  year = 2014,
  url = {http://www.gamasutra.com/view/news/222363/What_exactly_goes_into_porting_a_video_game_BlitWorks_explains.php}},
  note = {Accessed: 2017-03-19}
}

@misc{UKIE2017,
  author = {Luke Hebblethwaite},
  title = {UK games market worth a record £4.33bn in 2016 },
  year = 2017,
  url = {http://ukie.org.uk/node/30445}},
  note = {Accessed: 2017-03-19}
}

@misc{Android2017History,
  title = {The Android Story},
  year = 2017,
  url = {https://www.android.com/history}},
  note = {Accessed: 2017-03-19}
}

@misc{Kotaku2010Bayonetta,
  title = {Bayonetta Updated For PS3, Load Times Improved},
  year = 2010,
  url = {http://kotaku.com/5458852/bayonetta-updated-for-ps3-load-times-improved}},
  note = {Accessed: 2017-03-19}
}

@book{ofek2008sony,
  title={Sony PlayStation 3: Game over?},
  author={Ofek, Elie and Wickersham, Peter},
  year={2008},
  publisher={Harvard Business School}
}

@article{buttari2007limitations,
  title={Limitations of the PlayStation 3 for high performance cluster computing},
  author={Buttari, Alfredo and Dongarra, Jack and Kurzak, Jakub},
  year={2007}
}

@article{parisi2015counterrevolution,
  title={A counterrevolution in the hands: the console controller as an ergonomic branding mechanism},
  author={Parisi, David},
  journal={Journal of Games Criticism},
  volume={2},
  number={1},
  pages={1--23},
  year={2015}
}

@misc{herz2010multi,
  title={Multi-event input system},
  author={Herz, Scott M and Yepez, Roberto G and Westerman, Wayne Carl},
  year={2010},
  month=aug # "~17",
  publisher={Google Patents},
  note={US Patent 7,777,732}
}

@inproceedings{schmidt2010phonetouch,
  title={PhoneTouch: a technique for direct phone interaction on surfaces},
  author={Schmidt, Dominik and Chehimi, Fadi and Rukzio, Enrico and Gellersen, Hans},
  booktitle={Proceedings of the 23nd annual ACM symposium on User interface software and technology},
  pages={13--16},
  year={2010},
  organization={ACM}
}

@article{ballagas2006smart,
  title={The smart phone: a ubiquitous input device},
  author={Ballagas, Rafael and Borchers, Jan and Rohs, Michael and Sheridan, Jennifer G},
  journal={IEEE Pervasive Computing},
  volume={5},
  number={1},
  pages={70--77},
  year={2006},
  publisher={IEEE}
}

@inproceedings{wobbrock2007alternative,
  title={An alternative to push, press, and tap-tap-tap: gesturing on an isometric joystick for mobile phone text entry},
  author={Wobbrock, Jacob O and Chau, Duen Horng and Myers, Brad A},
  booktitle={Proceedings of the SIGCHI Conference on Human Factors in Computing Systems},
  pages={667--676},
  year={2007},
  organization={ACM}
}

@article{binsubaih2007survey,
  title={A survey of ‘game’portability},
  author={BinSubaih, Ahmed and Maddock, Steve and Romano, Daniela},
  journal={University of Sheffield, Tech. Rep. CS-07-05},
  year={2007},
  publisher={Citeseer}
}

@inproceedings{harrison2009abracadabra,
  title={Abracadabra: wireless, high-precision, and unpowered finger input for very small mobile devices},
  author={Harrison, Chris and Hudson, Scott E},
  booktitle={Proceedings of the 22nd annual ACM symposium on User interface software and technology},
  pages={121--124},
  year={2009},
  organization={ACM}
}

@inproceedings{niezen2008gesture,
  title={Gesture recognition as ubiquitous input for mobile phones},
  author={Niezen, Gerrit and Hancke, Gerhard P},
  booktitle={International Workshop on Devices that Alter Perception (DAP 2008), in conjunction with Ubicomp},
  pages={17--21},
  year={2008},
  organization={Citeseer}
}
