@article{garcia2014software,
  title={Software Process Accessibility in Practice: A Case Study},
  author={Gar{\'c}{\i}a-Borgo{\~n}{\'o}n, L and Barcelona, MA and Gar{\'c}{\i}a-Gar{\'c}{\i}a, JA and Escalona, MJ},
  journal={Procedia Computer Science},
  volume={27},
  pages={292--301},
  year={2014},
  publisher={Elsevier}
}

@article{zehe2008software,
  title={Software Accessibility: Where Are We Today?},
  author={Zehe, Marco},
  journal={Open Source Business Resource},
  number={July 2008},
  year={2008}
}

@inproceedings{archambault2008towards,
  title={Towards generalised accessibility of computer games},
  author={Archambault, Dominique and Gaudy, Thomas and Miesenberger, Klaus and Natkin, St{\'e}phane and Ossmann, Rolland},
  booktitle={International Conference on Technologies for E-Learning and Digital Entertainment},
  pages={518--527},
  year={2008},
  organization={Springer}
}

@article{kalapanidas2009playmancer,
  title={Playmancer: Games for health with accessibility in mind},
  author={Kalapanidas, Elias and Fernandez-Aranda, Fernando and Jimenez-Murcia, Susana and Kocsis, Otilia and Ganchev, Todor and Kaufmann, Hannes and Davarakis, Costas},
  year={2009}
}

@book{orozco2012role,
  title={The role of haptics in games},
  author={Orozco, Mauricio and El Saddik, Abdulmotaleb and Petriu, Emil and Silva, Juan},
  year={2012},
  publisher={INTECH Open Access Publisher}
}

@article{yuan2011game,
  title={Game accessibility: a survey},
  author={Yuan, Bei and Folmer, Eelke and Harris, Frederick C},
  journal={Universal Access in the Information Society},
  volume={10},
  number={1},
  pages={81--100},
  year={2011},
  publisher={Springer}
}

@phdthesis{yuan2009towards,
  title={Towards generalized accessibility of video games for the visually impaired},
  author={Yuan, Bei},
  year={2009},
  school={Citeseer}
}

@inproceedings{pearson2007evaluating,
  title={Evaluating the potential of the Nintendo Wii to support disabled students in education},
  author={Pearson, Elaine and Bailey, Chris},
  booktitle={Ascilite},
  volume={2007},
  pages={2--5},
  year={2007}
}

@inproceedings{westin2004game,
  title={Game accessibility case study: Terraformers--a real-time 3D graphic game},
  author={Westin, Thomas},
  booktitle={Proceedings of the 5th International Conference on Disability, Virtual Reality and Associated Technologies, ICDVRAT},
  year={2004}
}

@inproceedings{sepchat2008mp3,
  title={MP3 players and audio games: An alternative to portable video games console for visually impaired players},
  author={Sepchat, Alexis and Descarpentries, Simon and Monmarch{\'e}, Nicolas and Slimane, Mohamed},
  booktitle={International Conference on Computers for Handicapped Persons},
  pages={553--560},
  year={2008},
  organization={Springer}
}

@inproceedings{bierre2005game,
  title={Game not over: Accessibility issues in video games},
  author={Bierre, Kevin and Chetwynd, Jonathan and Ellis, Barrie and Hinn, D Michelle and Ludi, Stephanie and Westin, Thomas},
  booktitle={Proc. of the 3rd International Conference on Universal Access in Human-Computer Interaction},
  pages={22--27},
  year={2005}
}